
@InProceedings{AABN02,
  Title                    = {From Identification to Signatures via the {Fiat}-{Shamir} Transform: Minimizing Assumptions for Security and Forward-Security},
  Author                   = {Michel Abdalla and Jee Hea An and Mihir Bellare and Chanathip Namprempre},
  Booktitle                = {EUROCRYPT},
  Year                     = {2002},
  Pages                    = {418-433},

  Bibsource                = {DBLP, http://dblp.uni-trier.de},
  Crossref                 = {DBLP:conf/eurocrypt/2002},
  Ee                       = {http://link.springer.de/link/service/series/0558/bibs/2332/23320418.htm}
}



@InProceedings{BJS14,
  Title                    = {A Quantum Algorithm for Computing Isogenies between Supersingular
 Elliptic Curves},
  Author                   = {Jean{-}Fran{\c{c}}ois Biasse and
 David Jao and
 Anirudh Sankar},
  Booktitle                = {{INDOCRYPT} 2014},
  Year                     = {2014},
  Pages                    = {428--442},

  Bibsource                = {dblp computer science bibliography, http://dblp.org},
  Biburl                   = {http://dblp.uni-trier.de/rec/bib/conf/indocrypt/BiasseJS14},
  Crossref                 = {DBLP:conf/indocrypt/2014},
  Doi                      = {10.1007/978-3-319-13039-2_25},
  Timestamp                = {Mon, 03 Nov 2014 13:30:01 +0100},
  Url                      = {http://dx.doi.org/10.1007/978-3-319-13039-2_25}
}


@InProceedings{CLN16,
  Title                    = {Efficient Algorithms for Supersingular Isogeny {Diffie}-{Hellman}},
  Author                   = {Craig Costello and
 Patrick Longa and
 Michael Naehrig},
  Booktitle                = {{CRYPTO} 2016},
  Year                     = {2016},
  Pages                    = {572--601},
 series    = {Lecture Notes in Computer Science},
  volume    = {9814},
  publisher = {Springer},
  Bibsource                = {dblp computer science bibliography, http://dblp.org},
  Biburl                   = {http://dblp.uni-trier.de/rec/bib/conf/crypto/CostelloLN16},
  Doi                      = {10.1007/978-3-662-53018-4_21},
  Timestamp                = {Wed, 27 Jul 2016 12:46:24 +0200},
  Url                      = {http://dx.doi.org/10.1007/978-3-662-53018-4_21}
}

@misc{Couv06,
 title = {Hard Homogeneous Spaces},
 author = {Jean-Marc Couveignes},
 howpublished = {eprint 2006/291},
 year = 2006
}

@Article{Gal99,
  Title                    = {Constructing Isogenies between Elliptic Curves Over Finite Fields},
  Author                   = {Steven D. Galbraith},
  Journal                  = {LMS Journal of Computation and Mathematics},
  Year                     = {1999},
  Pages                    = {118-138},
  Volume                   = {2},

  Owner                    = {petit},
  Timestamp                = {2012.09.07}
}


@inproceedings{GPST16,
  Title                    = {On the Security of Supersingular Isogeny
Cryptosystems},
  Author                   = {Steven D. Galbraith and Christophe Petit
and Barak Shani and Yan Bo Ti},
booktitle = {{ASIACRYPT} 2016},
pages     = {63--91},
editor    = {Jung Hee Cheon and
               Tsuyoshi Takagi},
series    = {Lecture Notes in Computer Science},
  volume    = {10031},
 publisher = {Springer},
  Year                     = {2016}
}


@InProceedings{JDF2011,
  Author                   = {David Jao and Luca De Feo},
  title     = {Towards Quantum-Resistant Cryptosystems from Supersingular Elliptic
               Curve Isogenies},
  booktitle = {PQCrypto 2011},
  pages     = {19--34},
  year      = {2011},
  editor    = {Bo{-}Yin Yang},
  series    = {Lecture Notes in Computer Science},
  volume    = {7071},
  publisher = {Springer}
}

@Article{FJP14,
  Title                    = {Towards quantum-resistant cryptosystems from supersingular elliptic
 curve isogenies},
  Author                   = {Luca De Feo and
 David Jao and
 J{\'{e}}r{\^{o}}me Pl{\^{u}}t},
  Journal                  = {J. Mathematical Cryptology},
  Year                     = {2014},
  Number                   = {3},
  Pages                    = {209--247},
  Volume                   = {8},

  Bibsource                = {dblp computer science bibliography, http://dblp.org},
  Biburl                   = {http://dblp.uni-trier.de/rec/bib/journals/jmc/FeoJP14},
  Doi                      = {10.1515/jmc-2012-0015},
  Timestamp                = {Thu, 04 Sep 2014 13:50:06 +0200},
  Url                      = {http://dx.doi.org/10.1515/jmc-2012-0015}
}



@InProceedings{JS14,
  Title                    = {Isogeny-Based Quantum-Resistant Undeniable Signatures},
  Author                   = {David Jao and
 Vladimir Soukharev},
  Booktitle                = {PQCrypto 2014},
  Year                     = {2014},
  Pages                    = {160--179},
  series    = {Lecture Notes in Computer Science},
  volume    = {8772},
  publisher = {Springer},
  Bibsource                = {dblp computer science bibliography, http://dblp.org},
  Biburl                   = {http://dblp.uni-trier.de/rec/bib/conf/pqcrypto/JaoS14},
  Doi                      = {10.1007/978-3-319-11659-4_10},
  Timestamp                = {Thu, 25 Sep 2014 13:25:45 +0200},
  Url                      = {http://dx.doi.org/10.1007/978-3-319-11659-4_10}
}


@InProceedings{JS10,
  Title                    = {A Subexponential Algorithm for Evaluating Large Degree Isogenies},
  Author                   = {David Jao and Vladimir Soukharev},
  Booktitle                = {ANTS},
  Year                     = {2010},
  Pages                    = {219-233},

  Bibsource                = {DBLP, http://dblp.uni-trier.de},
  Crossref                 = {DBLP:conf/ants/2010},
  Ee                       = {http://dx.doi.org/10.1007/978-3-642-14518-6_19}
}

@book{KL14,
	title={Introduction to modern cryptography},
	author={Katz, Jonathan and Lindell, Yehuda},
	year={2014},
	publisher={CRC press}
}

@book{Katz10,
 title = {Digital Signatures},
  author = {Jonathan Katz},
  publisher = {Springer},
  year = 2010
}




@article{FFS88,
  author    = {Uriel Feige and Amos Fiat and Adi Shamir},
  title     = {Zero-Knowledge Proofs of Identity},
  journal   = {J. Cryptology},
  volume    = {1},
  number    = {2},
  pages     = {77--94},
  year      = {1988},
  url       = {http://dx.doi.org/10.1007/BF02351717},
  doi       = {10.1007/BF02351717},
  timestamp = {Tue, 24 May 2011 14:17:59 +0200},
  biburl    = {http://dblp.uni-trier.de/rec/bib/journals/joc/FeigeFS88},
  bibsource = {dblp computer science bibliography, http://dblp.org}
}

@inproceedings{Ti17,
	author={Ti, Yan Bo},
	title={Fault attack on Supersingular Isogeny Cryptosystems},
 booktitle = {PQCrypto 2017},
  pages     = {107--122},
  editor    = {Tanja Lange and
               Tsuyoshi Takagi},
  series    = {Lecture Notes in Computer Science},
  volume    = {10346},
  publisher = {Springer},
  year      = {2017}
}

@inproceedings{GW17,
	author={G{\'e}lin, Alexandre and Wesolowski, Benjamin},
	title={Loop-abort faults on supersingular isogeny cryptosystems},
  booktitle = {PQCrypto 2017},
  pages     = {93--106},
  editor    = {Tanja Lange and
               Tsuyoshi Takagi},
  series    = {Lecture Notes in Computer Science},
  volume    = {10346},
  publisher = {Springer},
  year      = {2017}
}

@inproceedings{BHHLNPSSWO15,
	title={SPHINCS: practical stateless hash-based signatures},
	author={Bernstein, Daniel J and Hopwood, Daira and H{\"u}lsing, Andreas and Lange, Tanja and Niederhagen, Ruben and Papachristodoulou, Louiza and Schneider, Michael and Schwabe, Peter and Wilcox-O'Hearn, Zooko},
	booktitle={Annual International Conference on the Theory and Applications of Cryptographic Techniques},
	pages={368--397},
	year={2015},
	organization={Springer}
}

@misc{Un17,
	author = {Dominique Unruh},
	title = {Post-Quantum Security of {F}iat-{S}hamir},
	howpublished = {to appear in ASIACRYPT 2017},
	year = {2017},
	note = {\url{https://eprint.iacr.org/2017/398}},
}

@inproceedings{YAJJS17,
	title={A post-quantum digital signature scheme based on supersingular isogenies},
	author={Yoo, Youngho and Azarderakhsh, Reza and Jalali, Amir and Jao, David and Soukharev, Vladimir},
	booktitle={Financial Crypto},
	volume={2017},
	year={2017}
}


@misc{Sto12,
 author = {Anton Stolbunov},
 title = {Cryptographic Schemes Based on Isogenies},
 howpublished = {Doctoral thesis, NTNU},
 year = 2012
}


@misc{DFKS18,
 author = {Luca De Feo and Jean Kieffer and Benjamin Smith },
 title = {Towards practical key exchange from ordinary isogeny graphs},
 howpublished = {eprint 2018/485},
 year = 2018
}
     

@misc{CLMPR18,
 author = {Wouter Castryck and Tanja Lange and Chloe Martindale and Lorenz Panny and Joost Renes},
 title = {CSIDH: An Efficient Post-Quantum Commutative Group Action},
 howpublished = {eprint 2018/383},
 year = 2018
}
     
     
@inproceedings{Lyu09,
 author = {Vadim Lyubashevsky},
 title = {{F}iat-{S}hamir with Aborts: {A}pplications to Lattice and Factoring-Based Signatures},
 editor = {M. Matsui},
 booktitle = {ASIACRYPT 2009},
 publisher = {Springer},
 series = {LNCS},
 volume = {5912},
 year = 2009,
 pages ={598--616}
}


